1.	Volvo IT: VINST information needed to understand the data set, 2012; available online at: http://www.win.tue.nl/bpi2013/doku.php?id=challenge (last access: July 11th, 2013)
2.	ITIL Foundation, http://www.itil-officialsite.com
3.	Van der Aalst, W.M.P.: Process Mining: Discovery, Conformance and Enhancement of Business Processes. Springer, Heidelberg (2011)
4.	Jackson, M.O.: Social and Economic Networks, Princeton University Press (November 1, 2010)
5.	Incident management event log, doi:10.4121/500573e6-accc-4b0c-9576-aa5468b10cee, (available online at: http://data.3tu.nl/repository/uuid:500573e6-accc-4b0c-9576-aa5468b10cee, last access: July, 11th 2013)
6.	Problem management log (open problems), doi:10.4121/3537c19d-6c64-4b1d-815d-915ab0e479da (available online at: http://data.3tu.nl/repository/uuid:3537c19d-6c64-4b1d-815d-915ab0e479da, last access: July, 11th 2013)
7.	Problem management log (closed problems), doi:10.4121/c2c3b154-ab26-4b31-a0e8-8f2350ddac11 (available online at: http://data.3tu.nl/repository/uuid:c2c3b154-ab26-4b31-a0e8-8f2350ddac11, last access: July, 11th 2013)

@Misc{entry1,
	author = {Ward Steeman},
	title  ={{VINST} information needed to understand the dataset},
	year = {2012},
	howpublished = {Available online at \url{http://www.win.tue.nl/bpi2013/lib/exe/fetch.php?media=vinst_data_set.pdf}},
	note = {[last access: July 11th, 2013]}
}

@Misc{entry2,
	author = {{ITIL Foundation}},
	title  = {Official {ITIL} Website},
	year = {2013},
	howpublished = {Available online at \url{http://www.itil-officialsite.com}},
	note = {[last access: July 11th, 2013]}
}

@Book{entry3,
	author = {Van der Aalst, W.M.P.},
	title = {Process Mining: Discovery, Conformance and Enhancement of Business Processes},
	year = {2011},
	publisher = {Springer, Heidelberg}
}

@book{entry4,
    author = {Jackson, Matthew O.},
    publisher = {Princeton University Press},
    title = {{Social and Economic Networks}},
    year = {2008},
}

@Misc{entry5,
	author = {Ward Steeman},
	year = {2013},
	title  ={Incident management event log},
	howpublished = {Available online. doi: \url{10.4121/uuid:500573e6-accc-4b0c-9576-aa5468b10cee}},
	note = {[last access: July 11th, 2013]},
}

@Misc{entry6,
	author = {Ward Steeman},
	year = {2013},
	title  ={Problem management log (open problems)},
	howpublished = {Available online. doi: \url{10.4121/uuid:3537c19d-6c64-4b1d-815d-915ab0e479da}},
	note = {[last access: July 11th, 2013]},
}

@Misc{entry7,
	author = {Ward Steeman},
	year = {2013},
	title  ={Problem management log (closed problems)},
	howpublished = {Available online. doi: \url{10.4121/uuid:c2c3b154-ab26-4b31-a0e8-8f2350ddac11}},
	note = {[last access: July 11th, 2013]},
}

